@ARTICLE{bowman:reasoning,
	AUTHOR = "Mic Bowman and Saumya K. Debray and Larry L. Peterson",
	TITLE = "Reasoning About Naming Systems",
	JOURNAL = "ACM Trans. Program. Lang. Syst.",
	VOLUME = {15},
	NUMBER = {5},
	PAGES = {795-825},
	MONTH = "November",
	YEAR = {1993}	}
	
@inproceedings{karlin2011decoy,
  title={Decoy routing: Toward unblockable internet communication},
  author={Karlin, Josh and Ellard, Daniel and Jackson, Alden W and Jones, Christine E and Lauer, Greg and Mankins, David P and Strayer, W Timothy},
  booktitle={USENIX Workshop on Free and Open Communications on the Internet},
  year={2011}
}

@inproceedings{houmansadr2011cirripede,
  title={Cirripede: circumvention infrastructure using router redirection with plausible deniability},
  author={Houmansadr, Amir and Nguyen, Giang TK and Caesar, Matthew and Borisov, Nikita},
  booktitle={Proceedings of the 18th ACM conference on Computer and communications security},
  pages={187--200},
  year={2011},
  organization={ACM}
}

@inproceedings{wustrow2011telex,
  title={Telex: Anticensorship in the Network Infrastructure.},
  author={Wustrow, Eric and Wolchok, Scott and Goldberg, Ian and Halderman, J Alex},
  booktitle={USENIX Security Symposium},
  year={2011}
}

@inproceedings{schuchard2012routing,
  title={Routing around decoys},
  author={Schuchard, Max and Geddes, John and Thompson, Christopher and Hopper, Nicholas},
  booktitle={Proceedings of the 2012 ACM conference on Computer and communications security},
  pages={85--96},
  year={2012},
  organization={ACM}
}

@article{houmansadr2014no,
  title={No Direction Home: The True Cost of Routing Around Decoys},
  author={Houmansadr, Amir and Wong, Edmund L and Shmatikov, Vitaly},
  year={2014}
}

@article{brubakercloudtransport,
  title={CloudTransport: Using Cloud Storage for Censorship-Resistant Networking},
  author={Brubaker, Chad and Houmansadr, Amir and Shmatikov, Vitaly}
}


@misc{lewman2010china,
  title={China blocking Tor: Round Two},
  author={Lewman, Andrew},
  year={2010}
}

@inproceedings{durumeric2013zmap,
  title={ZMap: Fast Internet-wide Scanning and Its Security Applications.},
  author={Durumeric, Zakir and Wustrow, Eric and Halderman, J Alex},
  booktitle={USENIX Security},
  pages={605--620},
  year={2013},
  organization={Citeseer}
}

@article{winter2012china,
  title={How china is blocking Tor},
  author={Winter, Philipp and Lindskog, Stefan},
  journal={arXiv preprint arXiv:1204.0447},
  year={2012}
}

@inproceedings{mclachlan2009risks,
  title={On the risks of serving whenever you surf: vulnerabilities in Tor's blocking resistance design},
  author={McLachlan, Jon and Hopper, Nicholas},
  booktitle={Proceedings of the 8th ACM workshop on Privacy in the electronic society},
  pages={31--40},
  year={2009},
  organization={ACM}
}

@article{clarke2010private,
  title={Private communication through a network of trusted connections: The dark freenet},
  author={Clarke, Ian and Sandberg, Oskar and Toseland, Matthew and Verendel, Vilhelm},
  journal={Network},
  year={2010}
}
@phdthesis{dingledine2000free,
  title={The free haven project: Design and deployment of an anonymous secure data haven},
  author={Dingledine, Roger R},
  year={2000},
  school={Citeseer}
}

@article{chaum1981untraceable,
  title={Untraceable electronic mail, return addresses, and digital pseudonyms},
  author={Chaum, David L},
  journal={Communications of the ACM},
  volume={24},
  number={2},
  pages={84--90},
  year={1981},
  publisher={ACM}
}


@techreport{dingledine2004tor,
  title={Tor: The second-generation onion router},
  author={Dingledine, Roger and Mathewson, Nick and Syverson, Paul},
  year={2004},
  institution={DTIC Document}
}


@techreport{dijkstra2009ew,
  title={The EW Dijkstra Archive},
  author={Dijkstra, EW},
  year={2009},
  institution={Technical report, http://www. cs. utexas. edu/users/EWD}
}


@article{chaum1988dining,
  title={The dining cryptographers problem: Unconditional sender and recipient untraceability},
  author={Chaum, David},
  journal={Journal of cryptology},
  volume={1},
  number={1},
  pages={65--75},
  year={1988},
  publisher={Springer}
}


@inproceedings{murdoch2005low,
  title={Low-cost traffic analysis of Tor},
  author={Murdoch, Steven J and Danezis, George},
  booktitle={Security and Privacy, 2005 IEEE Symposium on},
  pages={183--195},
  year={2005},
  organization={IEEE}
}

@inproceedings{smits2011bridgespa,
  title={Bridgespa: improving tor bridges with single packet authorization},
  author={Smits, Rob and Jain, Divam and Pidcock, Sarah and Goldberg, Ian and Hengartner, Urs},
  booktitle={Proceedings of the 10th annual ACM workshop on Privacy in the electronic society},
  pages={93--102},
  year={2011},
  organization={ACM}
}

@misc{link,
title={{Cloud Based Onion Routing AIC WS2014 Project}},
author={Simon Hecht, Corinna Kirner, Angela Purker, Alexander Nebel, Christian Willinger},
howpublished = {\url{https://github.com/n-n-nebbl/Cloud-Based-Onion-Routing}},
note = {Accessed: 2015-01-25}
}


@misc{appelbaum2010pluggable,
  title={Pluggable transports for circumvention},
  author={Appelbaum, Jacob and Mathewson, Nick},
  year={2010},
  publisher={October}
}

@misc{linkOne,
title={{High latency system example}},
author={Informatik Huberlin},
howpublished = {\url{http://waste.informatik.huberlin.de/Grassmuck/Texts/remailer.html}},
note = {Accessed: 2015-01-25}
}

@misc{linkTwo,
title={{High latency system example}},
author={Sourceforge},
howpublished = {\url{http://mixmaster.sourceforge.net/}},
note = {Accessed: 2015-01-25}
}

@misc{linkThree,
title={{High latency system example}},
author={Mixminion},
howpublished = {\url{http://www.mixminion.net/}},
note = {Accessed: 2015-01-25}
}

@misc{linkFour,
title={{High latency system example}},
author={Mixminion - Minion Design},
howpublished = {\url{http://www.mixminion.net/minion-design.pdf/}},
note = {Accessed: 2015-01-25}
}

@misc{linkFive,
title={{High latency system example}},
author={Mater thesis davor},
howpublished = {\url{https://geti2p.net/de/}},
note = {Accessed: 2015-01-25}
}

@misc{linkSix,
title={{Broadcast systems P5}},
author={cs umd edu},
howpublished = {\url{http://www.cs.umd.edu/projects/p5/}},
note = {Accessed: 2015-01-25}
}

@misc{linkSeven,
title={{Freenet Project}},
author={Freenet projects},
howpublished = {\url{https://freenetproject.org/papers/freenet-0.7.5-paper.pdf}},
note = {Accessed: 2015-01-25}
}

@misc{linkEight,
title={{Gnunet}},
author={Gnu},
howpublished = {\url{https://gnunet.org/}},
note = {Accessed: 2015-01-25}
}

@misc{linkNine,
title={{Gnunet}},
author={Gnu},
howpublished = {\url{https://gnunet.org/whitepaper}},
note = {Accessed: 2015-01-25}
}

@misc{linkTen,
title={{Project Tor Design}},
author={Tor Project},
howpublished = {\url{https://svn.torproject.org/svn/projects/design-paper/tor-design.pdf}},
note = {Accessed: 2015-01-25}
}

@misc{linkEleven,
title={{How to hande millions new tor clients}},
author={Tor Project},
howpublished = {\url{https://blog.torproject.org/blog/how-to-handle-millions-new-tor-clients}},
note = {Accessed: 2015-01-25}
}

@misc{linkTwelve,
title={{Design paper blocking}},
author={Tor Project},
howpublished = {\url{https://svn.torproject.org/svn/projects/design-paper/blocking.html}},
note = {Accessed: 2015-01-25}
}

@misc{linkThirteen,
title={{The guradian Article}},
author={The guardian},
howpublished = {\url{http://www.theguardian.com/world/2013/nov/18/}},
note = {Accessed: 2015-01-25}
}


@misc{linkFourteen,
title={{Tor project - Bridges}},
author={Tor project},
howpublished = {\url{http://gitweb.torproject.org/torspec.git/tree/dir-spec.txt?id=3c0422acc464a9da74bc35d3027ae966bf59d8d0}},
note = {Accessed: 2015-01-25}
}


@misc{linkBrideProject,
title={{Tor project - Bridges}},
author={Tor project},
howpublished = {\url{https://www.torproject.org/docs/bridges.html.en}},
note = {Accessed: 2015-01-25}
}

@misc{linkKnockKnockProject,
title={{Tor project - Knock Knock Knockin Bridges doors}},
author={Tor project},
howpublished = {\url{https://www.torproject.org/docs/bridges.html.en}},
note = {Accessed: 2015-01-25}
}

@misc{gitlink,
title={{Tor project - Obfuscation Proxy}},
author={Tor project},
howpublished = {\url{https://gitweb.torproject.org/obfsproxy.git}},
note = {Accessed: 2015-01-25}
}

@misc{pluggableTransport,
title={{Tor project - Pluggable Transport}},
author={Tor project},
howpublished = {\url{https://trac.torproject.org/projects/tor/wiki/doc/meek}},
note = {Accessed: 2015-01-25}
}

@misc{heartbleed,
title={{Heartbleed}},
author={Heartbleed},
howpublished = {\url{http://heartbleed.com/}}},
note = {Accessed: 2015-01-25}
}

@misc{one,
title={{Tor Project - Critiwue website traffic fingerprinting attacks}},
author={Tor Project Blog},
howpublished = {\url{https://blog.torproject.org/blog/critique-website-traffic-fingerprinting-attacks}}},
note = {Accessed: 2015-01-25}
}

@misc{two,
title={{Tor Project - Traffic correlation using netflows}},
author={Tor Project Blog},
howpublished = {\url{https://blog.torproject.org/blog/traffic-correlation-using-netflows}}},
note = {Accessed: 2015-01-25}
}
@misc{fingerprinting,
title={{Fingerprinting}},
author={Panopticlick},
howpublished = {\url{https://panopticlick.eff.org/}},
note = {Accessed: 2015-01-25}
}

@inproceedings{casenove2014botnet,
  title={Botnet over Tor: The illusion of hiding},
  author={Casenove, Matteo and Miraglia, Armando},
  booktitle={Cyber Conflict (CyCon 2014), 2014 6th International Conference On},
  pages={273--282},
  year={2014},
  organization={IEEE}
}

@inproceedings{jones2005chain,
  title={Chain voting},
  author={Jones, Douglas W},
  booktitle={Workshop on Developing an Analysis of Threats to Voting Systems, National Institute of Standards and Technology},
  year={2005}
}


@article{hopperchallenges,
  title={Challenges in protecting Tor hidden services from botnet abuse},
  author={Hopper, Nicholas}
}


@inproceedings{mohajeri2012skypemorph,
  title={SkypeMorph: Protocol obfuscation for Tor bridges},
  author={Mohajeri Moghaddam, Hooman and Li, Baiyu and Derakhshani, Mohammad and Goldberg, Ian},
  booktitle={Proceedings of the 2012 ACM conference on Computer and communications security},
  pages={97--108},
  year={2012},
  organization={ACM}
}

@inproceedings{roos2014measuring,
  title={Measuring Freenet in the Wild: Censorship-resilience under Observation},
  author={Roos, Stefanie and Schiller, Benjamin and Hacker, Stefan and Strufe, Thorsten},
  booktitle={Privacy Enhancing Technologies},
  pages={263--282},
  year={2014},
  organization={Springer}
}
@inproceedings{das2014re,
  title={Re 3: relay reliability reputation for anonymity systems},
  author={Das, Anupam and Borisov, Nikita and Mittal, Prateek and Caesar, Matthew},
  booktitle={Proceedings of the 9th ACM symposium on Information, computer and communications security},
  pages={63--74},
  year={2014},
  organization={ACM}
}
@article{winter2014spoiled,
  title={Spoiled Onions: Exposing Malicious Tor Exit Relays},
  author={Winter, Philipp and Lindskog, Stefan},
  journal={arXiv preprint arXiv:1401.4917},
  year={2014}
}
@inproceedings{panchenko2011website,
  title={Website fingerprinting in onion routing based anonymization networks},
  author={Panchenko, Andriy and Niessen, Lukas and Zinnen, Andreas and Engel, Thomas},
  booktitle={Proceedings of the 10th annual ACM workshop on Privacy in the electronic society},
  pages={103--114},
  year={2011},
  organization={ACM}
}
@inproceedings{dyer2012peek,
  title={Peek-a-boo, i still see you: Why efficient traffic analysis countermeasures fail},
  author={Dyer, Kevin P and Coull, Scott E and Ristenpart, Thomas and Shrimpton, Thomas},
  booktitle={Security and Privacy (SP), 2012 IEEE Symposium on},
  pages={332--346},
  year={2012},
  organization={IEEE}
}
@inproceedings{cai2012touching,
  title={Touching from a distance: Website fingerprinting attacks and defenses},
  author={Cai, Xiang and Zhang, Xin Cheng and Joshi, Brijesh and Johnson, Rob},
  booktitle={Proceedings of the 2012 ACM conference on Computer and Communications Security},
  pages={605--616},
  year={2012},
  organization={ACM}
}
@inproceedings{wang2013improved,
  title={Improved website fingerprinting on tor},
  author={Wang, Tao and Goldberg, Ian},
  booktitle={Proceedings of the 12th ACM workshop on Workshop on privacy in the electronic society},
  pages={201--212},
  year={2013},
  organization={ACM}
}

@inproceedings{murdoch2005low,
  title={Low-cost traffic analysis of Tor},
  author={Murdoch, Steven J and Danezis, George},
  booktitle={Security and Privacy, 2005 IEEE Symposium on},
  pages={183--195},
  year={2005},
  organization={IEEE}
}

@inproceedings{evans2009practical,
  title={A Practical Congestion Attack on Tor Using Long Paths.},
  author={Evans, Nathan S and Dingledine, Roger and Grothoff, Christian},
  booktitle={USENIX Security Symposium},
  pages={33--50},
  year={2009}
}
@inproceedings{murdoch2007sampled,
  title={Sampled traffic analysis by internet-exchange-level adversaries},
  author={Murdoch, Steven J and Zieli{\'n}ski, Piotr},
  booktitle={Privacy Enhancing Technologies},
  pages={167--183},
  year={2007},
  organization={Springer}
}

@inproceedings{chakravarty2014effectiveness,
  title={On the Effectiveness of Traffic Analysis Against Anonymity Networks Using Flow Records},
  author={Chakravarty, Sambuddho and Barbera, Marco V and Portokalidis, Georgios and Polychronakis, Michalis and Keromytis, Angelos D},
  booktitle={Passive and Active Measurement},
  pages={247--257},
  year={2014},
  organization={Springer}
}
@article{wangeffective,
  title={Effective Attacks and Provable Defenses for Website Fingerprinting},
  author={Wang, Tao and Cai, Xiang and Nithyanand, Rishab and Johnson, Rob and Goldberg, Ian}
}











@ARTICLE{braams:babel,
	AUTHOR = "Johannes Braams",
	TITLE = "Babel, a Multilingual Style-Option System for Use with LaTeX's Standard Document Styles",
	JOURNAL = {TUGboat},
	VOLUME = {12},
	NUMBER = {2},
	PAGES = {291-301},
	MONTH = "June",
	YEAR = {1991}	}

@INPROCEEDINGS{clark:pct,
	AUTHOR = "Malcolm Clark",
	TITLE = "Post Congress Tristesse",
	BOOKTITLE = "TeX90 Conference Proceedings",
	PAGES = "84-89",
	ORGANIZATION = "TeX Users Group",
	MONTH = "March", 
	YEAR = {1991}	}

@ARTICLE{herlihy:methodology,
	AUTHOR = "Maurice Herlihy",
	TITLE = "A Methodology for Implementing Highly Concurrent
	Data Objects",
	JOURNAL = {ACM Trans. Program. Lang. Syst.},
	VOLUME = {15},
	NUMBER = {5},
	PAGES = {745-770},
	MONTH = "November",
	YEAR = {1993}	}

@BOOK{Lamport:LaTeX,
	AUTHOR = "Leslie Lamport",
	TITLE = "LaTeX User's Guide and Document Reference Manual",
	PUBLISHER = "Addison-Wesley Publishing Company",
	ADDRESS = "Reading, Massachusetts",
	YEAR = "1986"	}

@BOOK{salas:calculus,
	AUTHOR = "S.L. Salas and Einar Hille",
	TITLE = "Calculus: One and Several Variable",
	PUBLISHER = "John Wiley and Sons",
	ADDRESS = "New York",
	YEAR = "1978"	}






